@misc{
  what_is_urdf,
	author = "{MathWorks}",
	title  = "{URDF入門}",
	howpublished = "\url{https://jp.mathworks.com/help/physmod/sm/ug/urdf-model-import.html}"
}

@misc{
  urdf_xml_model,
  author       = {Open Source Robotics Foundation},
  title        = {urdf/{XML}/model - {ROS} Wiki},
  howpublished = "\url{http://wiki.ros.org/urdf/XML/model}"
}

@misc{
  urdf_xml_robot,
  author       = {Open Source Robotics Foundation},
  title        = {urdf/{XML}/robot - {ROS} Wiki},
  howpublished = "\url{http://wiki.ros.org/urdf/XML/robot}"
}

@misc{
  urdf_xml_joint,
  author       = {Open Source Robotics Foundation},
  title        = {urdf/{XML}/joint - {ROS} Wiki},
  howpublished = "\url{http://wiki.ros.org/urdf/XML/joint}"
}

@misc{
  urdf_xml_link,
  author       = {Open Source Robotics Foundation},
  title        = {urdf/{XML}/link - {ROS} Wiki},
  howpublished = "\url{http://wiki.ros.org/urdf/XML/link}"
}

@book{2018実用ロボット開発のためのrosプログラミング,
  title={実用ロボット開発のための{ROS}プログラミング},
  author={西田 健，森田 賢，岡田 浩之，原 祥尭，山崎 公俊，田向 権，垣内 洋平，大川 一也，齋藤 功，田中 良道，有田 裕太，石田 裕太郎},
  isbn={978-4-627-67581-0},
  year={2018},
  publisher={森北出版}
}

@article{Gmapping,
  author={G. {Grisetti} and C. {Stachniss} and W. {Burgard}},
  journal={IEEE Transactions on Robotics}, 
  title={Improved Techniques for Grid Mapping With Rao-Blackwellized Particle Filters}, 
  year={2007},
  volume={23},
  number={1},
  pages={34-46},
  doi={10.1109/TRO.2006.889486}
}

@book{thrun2005probabilistic,
  abstract = {Probablistic robotics is a growing area in the subject, concerned with perception and control in the face of uncertainty and giving robots a level of robustness in real-world situations. This book introduces techniques and algorithms in the field.},
  added-at = {2015-10-22T23:05:09.000+0200},
  address = {Cambridge, Mass.},
  author = {Thrun, Sebastian and Burgard, Wolfram and Fox, Dieter},
  biburl = {https://www.bibsonomy.org/bibtex/20036a214b3d6de590e4a46d136f9c264/stumme},
  description = {Probabilistic Robotics Intelligent Robotics and Autonomous Agents: Amazon.de: Sebastian Thrun, Wolfram Burgard, Dieter Fox: Bücher},
  interhash = {4a9ca1ce81d73897e53edfcb8d9c16b2},
  intrahash = {0036a214b3d6de590e4a46d136f9c264},
  isbn = {0262201623 9780262201629},
  keywords = {SLAM localisation mapping robot topoi},
  publisher = {MIT Press},
  refid = {58451645},
  timestamp = {2015-10-22T23:05:09.000+0200},
  title = {Probabilistic robotics},
  url = {http://www.amazon.de/gp/product/0262201623/102-8479661-9831324?v=glance&n=283155&n=507846&s=books&v=glance},
  year = 2005
}

@book{上田2019,
author = "上田 隆一",
title = "詳解確率ロボティクス",
publisher = "講談社",
year = 2019
}

@misc{costmap_2d_configuration,
  author       = {srs},
  title        = {{ROS}講座115 costmapの設定を書く},
  howpublished = {\url{https://qiita.com/srs/items/fba2c83b96d17b2680e6}},
  year         = {2020}
}

@article{dwa,
  author={D. {Fox} and W. {Burgard} and S. {Thrun}},
  journal={IEEE Robotics   Automation Magazine}, 
  title={The dynamic window approach to collision avoidance}, 
  year={1997},
  volume={4},
  number={1},
  pages={23-33},
  doi={10.1109/100.580977}
}

@inproceedings{ros,
  title={{ROS: an open-source Robot Operating System}},
  author={Quigley, Morgan and Conley, Ken and Gerkey, Brian and Faust, Josh and Foote, Tully and Leibs, Jeremy and Wheeler, Rob and Ng, Andrew},
  booktitle={ICRA workshop on Open Source Software},
  year={2009}
}

@inproceedings{ypspur,
  author          = {渡辺敦志，阪東茂，辻信之，大矢晃久，油田信一},
  title           = {移動ロボット用二軸ブラシレスモータドライバの開発とオープンソースプラットフォームを用いた走行制御},
  booktitle       = {第31回日本ロボット学会学術講演会(RSJ2013)},
  editor          = {},
  year            = {2013},
  note            = {3H1-01}
}

@misc{macenski2019use,
  title={On use of the slam toolbox: A fresh (er) look at mapping and localization for the dynamic world},
  author={Macenski, S},
  year={2019},
  publisher={ROSCon}
}

@misc{ceres-solver,
  author = "Sameer Agarwal and Keir Mierle and Others",
  title = "Ceres Solver",
  howpublished = "\url{http://ceres-solver.org}",
}

@inproceedings {ros-navigation,
  title = {The Office Marathon: Robust Navigation in an Indoor Office Environment},
  booktitle = {International Conference on Robotics and Automation},
  year = {2010},
  author = {Eitan Marder-Eppstein and Eric Berger and Tully Foote and Brian Gerkey and Kurt Konolige}
}

@article{amcl,
  author          = {{Dieter Fox}},
  title           = {Adapting the sample size in particle filters through KLD-sampling},
  journal         = {International Journal of Robotics Research},
  volume          = {22},
  number          = {12},
  year            = {2003},
  pages           = {985-1003}
}

@book{上田2019,
author = "上田 隆一",
title = "詳解確率ロボティクス",
publisher = "講談社",
year = 2019
}

@inproceedings{layered_costmap,
  author={D. V. {Lu} and D. {Hershberger} and W. D. {Smart}},
  booktitle={2014 IEEE/RSJ International Conference on Intelligent Robots and Systems}, 
  title={Layered costmaps for context-sensitive navigation}, 
  year={2014},
  volume={},
  number={},
  pages={709-715},
  doi={10.1109/IROS.2014.6942636}
}