@misc{gmapping,
	author = "{Open Source Robotics Foundation}",
	title  = "{gmapping}",
	howpublished = "\url{http://wiki.ros.org/gmapping}"
}

@misc{what_is_urdf,
	author = "{MathWorks}",
	title  = "{URDF入門}",
	howpublished = "\url{https://jp.mathworks.com/help/physmod/sm/ug/urdf-model-import.html}"
}
